
@article{Wilczek2012,
  author  = {F. Wilczek},
  title   = {Quantum Time Crystals},
  journal = {Physical Review Letters},
  volume  = {109},
  pages   = {160401},
  year    = {2012}
}

@article{Dijkstra1959,
  author  = {E. W. Dijkstra},
  title   = {A Note on Two Problems in Connexion with Graphs},
  journal = {Numerische Mathematik},
  volume  = {1},
  pages   = {269--271},
  year    = {1959}
}

@article{Bombelli1987,
  author  = {L. Bombelli and J. Lee and D. Meyer and R. Sorkin},
  title   = {Space-Time as a Causal Set},
  journal = {Phys. Rev. Lett.},
  volume  = {59},
  pages   = {521--524},
  year    = {1987}
}

@incollection{Henson2009,
  author    = {J. Henson},
  title     = {The Causal Set Approach to Quantum Gravity},
  booktitle = {Approaches to Quantum Gravity},
  editor    = {D. Oriti},
  publisher = {Cambridge Univ.~Press},
  year      = {2009},
  pages     = {393--413}
}

@article{Yao2020,
  author  = {N. Y. Yao and C. Nayak},
  title   = {Exotic Phases in Driven Systems: Time Crystals and Beyond},
  journal = {Phys. Today},
  volume  = {73},
  number  = {7},
  pages   = {44--50},
  year    = {2020}
}

@article{Khoury2001,
  author  = {J. Khoury and B. A. Ovrut and P. J. Steinhardt and N. Turok},
  title   = {The Ekpyrotic Universe: Colliding Branes and the Origin of the Hot Big Bang},
  journal = {Phys. Rev. D},
  volume  = {64},
  pages   = {123522},
  year    = {2001}
}

@article{Biswas2013,
  author  = {T. Biswas and A. Mazumdar},
  title   = {Non-singular Bouncing Universes in Light of BICEP2},
  journal = {Class. Quantum Grav.},
  volume  = {31},
  pages   = {025019},
  year    = {2014}
}

@article{Eagleman2008,
  author  = {D. M. Eagleman},
  title   = {Human Time Perception and Its Illusions},
  journal = {Curr. Opin. Neurobiol.},
  volume  = {18},
  pages   = {131--136},
  year    = {2008}
}

@article{Wittmann2016,
  author  = {M. Wittmann},
  title   = {The Inner Sense of Time: How the Brain Creates a Representation of Duration},
  journal = {Nat. Rev. Neurosci.},
  volume  = {17},
  pages   = {217--223},
  year    = {2016}
}

